<?xml version="1.0" encoding="UTF-8"?><record xmlns="http://www.loc.gov/MARC21/slim" xmlns:cinclude="http://apache.org/cocoon/include/1.0" xmlns:zs="http://www.loc.gov/zing/srw/">
  <leader>00566nz  a2200169n  4500</leader>
  <controlfield tag="001">nb2011007428</controlfield>
  <controlfield tag="003">DLC</controlfield>
  <controlfield tag="005">20110318075102.0</controlfield>
  <controlfield tag="008">110316n| acannaabn          |a aaa      </controlfield>
  <datafield tag="010" ind1=" " ind2=" ">
    <subfield code="a">nb2011007428</subfield>
  </datafield>
  <datafield tag="035" ind1=" " ind2=" ">
    <subfield code="a">(Uk)008082861</subfield>
  </datafield>
  <datafield tag="040" ind1=" " ind2=" ">
    <subfield code="a">Uk</subfield>
    <subfield code="b">eng</subfield>
    <subfield code="c">Uk</subfield>
  </datafield>
  <datafield tag="100" ind1="1" ind2=" ">
    <subfield code="a">Tampoe, Frederick M.</subfield>
  </datafield>
  <datafield tag="400" ind1="1" ind2=" ">
    <subfield code="a">Tampoe, F. M. K.</subfield>
    <subfield code="q">(Frederick Mahendra Kumar)</subfield>
  </datafield>
  <datafield tag="670" ind1=" " ind2=" ">
    <subfield code="a">Plutopolitocracy, c2009:</subfield>
    <subfield code="b">t.p. (Dr. Frederick M. Tampoe) p.224 (F. M. K. Tampoe)</subfield>
  </datafield>
  <datafield tag="670" ind1=" " ind2=" ">
    <subfield code="a">Motivating knowledge workers, 1992</subfield>
  </datafield>
  <datafield tag="670" ind1=" " ind2=" ">
    <subfield code="a">BL database, 16 Mar. 2011</subfield>
    <subfield code="b">(hdg.: Tampoe, Frederick Mahendra Kumar)</subfield>
  </datafield>
</record>